@ONLINE{PLMQuinson,
 author = {Martin Quinson},
 title = {Programmer's Learning Machine},
 month = jan,
 year = {2014},
 url = {http://www.loria.fr/~quinson/Teaching/PLM/}
}
@ONLINE{GitUsage,
 author = {The Eclipse Foundation},
 title = {Eclipse community survey report},
 month = jun,
 year = {2013},
 url = {http://fr.slideshare.net/IanSkerrett/eclipse-survey-2013-report-final},
 note = {Page 14}
}
@ONLINE{PlaySite,
 author = {Play},
 title = {Play},
 month = jan,
 year = {2014},
 url = {http://www.playframework.com/},
}
@ONLINE{OsterGitHub,
 title = {PLM repository},
 author = {Martin Quinson and Gérald Oster},
 month = oct,
 year = {2008},
 url = {https://github.com/oster/PLM},
}
@ONLINE{UUID,
 title = {Javadoc Class UUID},
 author = "{Oracle Corporation}",
 year = {2010},
 url = {http://docs.oracle.com/javase/1.5.0/docs/api/java/util/UUID.html},
}
@ONLINE{depotBitbucket,
 title = {Dépôt central sur Bitbucket.org},
 author = {PLM},
 month = may,
 year = {2014},
 url = {https://bitbucket.org/PLM-Test},
}
@ONLINE{ietfUUID,
 title = {A Universally Unique IDentifier (UUID) URN Namespace},
 author = {IETF},
 month = jul,
 year = {2005},
 url = {http://www.ietf.org/rfc/rfc4122.txt},
}
